% Use https://mathscinet.ams.org/mrlookup to find bibtex data for published articles
% Other websites such as google scholar also provide bibtex data
% Choose "BibTex" format on the website before you search
% The first parameter in each BibTex entry
% (for example Tverberg:1996tb) is the cite key for you article

@article{baars,
  title={Near-field radio holography of large reflector antennas},
  author={Baars, JWM and Lucas, R and Mangum, JG and Lopez-Perez, JA},
  journal={IEEE Antennas and Propagation Magazine},
  volume={49},
  number={5},
  pages={24--41},
  year={2007},
  publisher={IEEE}
}

@article{cassanelli_oof,
  title={Out-of-focus holography at the Effelsberg telescope-Systematic measurements of the surface of a 100 m telescope using OOF holography},
  author={Cassanelli, T and Bach, U and Winkel, B and Kraus, A},
  journal={Astronomy \& Astrophysics},
  volume={687},
  pages={A27},
  year={2024},
  publisher={EDP Sciences}
}

